<?xml version="1.0" encoding="UTF-8"?><collection xmlns="http://www.loc.gov/MARC21/slim"><record><leader>00641nam--2200181-i-4500</leader><controlfield tag="001">000010873</controlfield><controlfield tag="002">20161230</controlfield><controlfield tag="005">20170208130334</controlfield><controlfield tag="008">060222s1000------------r-----000-0-eng-d</controlfield><datafield ind1=" " ind2=" " tag="020"><subfield code="a">072040262X</subfield></datafield><datafield ind1=" " ind2=" " tag="040"><subfield code="a">IFIN-HH</subfield></datafield><datafield ind1=" " ind2=" " tag="080"><subfield code="a">539.2(042):537.311.33(042)</subfield></datafield><datafield ind1="1" ind2=" " tag="100"><subfield code="a">Devreese, Jozef T</subfield></datafield><datafield ind1="1" ind2="0" tag="245"><subfield code="a">Polarons in ionic crystals and polar semiconductors</subfield><subfield code="b">Antwerp advanced study institute 1971 on frohlich polarons and electron-photon interaction in polar semiconductors</subfield><subfield code="c">Jozef T. Devreese (ed.)</subfield></datafield><datafield ind1=" " ind2=" " tag="260"><subfield code="a">Amsterdam</subfield><subfield code="b">North-Holland Publishing Company</subfield><subfield code="c">1972</subfield></datafield><datafield ind1=" " ind2=" " tag="300"><subfield code="a">807 p</subfield></datafield><datafield ind1=" " ind2=" " tag="852"><subfield code="a">39859</subfield><subfield code="c">539.2</subfield></datafield><datafield ind1=" " ind2=" " tag="CAT"><subfield code="a">SYS</subfield><subfield code="c">20170208</subfield><subfield code="h">130334</subfield></datafield></record></collection>